@phdthesis{RN6,
      author  =  {Ackermann, Tobias},
      title  =  {IT security risk management : perceived IT security risks in the context of Cloud Computing},
      university  =  {Springer Gabler},
      url  =  {http://deposit.d-nb.de/cgi-bin/dokserv?id=4171734&prov=M&dok_var=1&dok_ext=htm},
      year  =  {2013},
      type  =  {Thesis}
}

@phdthesis{RN98,
      author  =  {Ackermann, Tobias},
      title  =  {IT security risk management : perceived IT security risks in the context of Cloud Computing},
      university  =  {Springer Gabler},
      url  =  {http://deposit.d-nb.de/cgi-bin/dokserv?id=4171734&prov=M&dok_var=1&dok_ext=htm},
      year  =  {2013},
      type  =  {Thesis}
}

@article{everything_as_a_service,
      author  =  {Banerjee, Prith and Bash, Cullen and Friedrich, Rich and Goldsack, Patrick and Huberman, Bernardo A and Manley, John and Patel, Chandrakant and Ranganathan, Partha and Veitch, Alistair},
      title  =  {Everything as a service: Powering the new information economy},
      journal  =  {Computer},
      volume  =  {44},
      number  =  {3},
      pages  =  {36-43},
      ISSN  =  {0018-9162},
      year  =  {2011},
      type  =  {Journal Article}
}

@article{
      author  =  {Benlian, Alexander and Hess, Thomas},
      title  =  {Opportunities and risks of software-as-a-service: Findings from a survey of IT executives},
      journal  =  {Decision Support Systems},
      volume  =  {52},
      number  =  {1},
      pages  =  {232-246},
      ISSN  =  {0167-9236},
      DOI  =  {http://dx.doi.org/10.1016/j.dss.2011.07.007},
      url  =  {http://www.sciencedirect.com/science/article/pii/S0167923611001278},
      year  =  {2011},
      type  =  {Journal Article}
}

@misc{      ISBN  =  {383498731X (Sekundärausgabe)},
      url  =  {http://dx.doi.org/10.1007/978-3-8349-8731-0},
      year  =  {2010},
      type  =  {Generic}
}

@misc{      ISBN  =  {383498731X (Sekundärausgabe)},
      url  =  {http://dx.doi.org/10.1007/978-3-8349-8731-0},
      year  =  {2010},
      type  =  {Generic}
}

@article{
      author  =  {Bouvry, Pascal},
      title  =  {Emerging paradigms and areas for expansion},
      journal  =  {IEEE Cloud Computing},
      volume  =  {1},
      number  =  {1},
      pages  =  {58-61},
      ISSN  =  {2325-6095},
      year  =  {2014},
      type  =  {Journal Article}
}

@book{softwareindustrie2015,
      author  =  {Buxmann, Peter and Diefenbach, Heiner and Hess, Thomas},
      title  =  {Die Softwareindustrie : ökonomische Prinzipien, Strategien, Perspektiven},
      publisher  =  {Springer Gabler},
      address  =  {Berlin u.a.},
      edition  =  {3., vollst. überarb. u. erw. Aufl.},
      ISBN  =  {3662455897},
      url  =  {http://www.gbv.de/dms/zbw/821541447.pdf},
      year  =  {2015},
      type  =  {Book}
}

@article{saasBuxmann2008,
      author  =  {Buxmann, Peter and Hess, Thomas and Lehmann, Sonja},
      title  =  {Software as a Service},
      journal  =  {Wirtschaftsinformatik},
      volume  =  {50},
      number  =  {6},
      pages  =  {500-503},
      ISSN  =  {0937-6429},
      year  =  {2008},
      type  =  {Journal Article}
}

@article{thoughtsOnCloud,
      author  =  {Chase, Jeff and Fox, Geoffrey Charles and Figueiredo, Renato J and Grimshaw, Andrew and Watson, Paul and Yousif, Mazin},
      title  =  {Thoughts on the State of Cloud over the Next Five Years},
      journal  =  {IEEE Cloud Computing},
      volume  =  {2},
      number  =  {1},
      pages  =  {26-40},
      ISSN  =  {2325-6095},
      year  =  {2014},
      type  =  {Journal Article}
}

@article{MarketVision,
      author  =  {Dufft, Nicole},
      title  =  {Market Vision: Key Market Trends in Germany 2017},
      year  =  {2016},
      type  =  {Journal Article}
}

@article{
      author  =  {Ercolani, Giuseppe},
      title  =  {Cloud Computing Services Potential Analysis. An integrated model for evaluating Software as a Service},
      journal  =  {Cloud Computing},
      pages  =  {77-80},
      ISSN  =  {1612082718},
      year  =  {2013},
      type  =  {Journal Article}
}

@inproceedings{RN72,
      author  =  {Hajjat, Mohammad and Sun, Xin and Sung, Yu-Wei Eric and Maltz, David and Rao, Sanjay and Sripanidkulchai, Kunwadee and Tawarmalani, Mohit},
      title  =  {Cloudward bound: planning for beneficial migration of enterprise applications to the cloud},
      booktitle  =  {ACM SIGCOMM Computer Communication Review},
      publisher  =  {ACM},
      volume  =  {40},
      pages  =  {243-254},
      ISBN  =  {1450302017},
      type  =  {Conference Proceedings}
}

@article{economics_of_the_cloud,
      author  =  {Harms, Rolf and Yamartino, Michael},
      title  =  {The economics of the cloud},
      journal  =  {Microsoft whitepaper, Microsoft Corporation},
      year  =  {2010},
      type  =  {Journal Article}
}

@article{
      author  =  {Iorga, Michaela and Karmel, Anil},
      title  =  {Managing Risk in a Cloud Ecosystem},
      journal  =  {IEEE Cloud Computing},
      volume  =  {2},
      number  =  {6},
      pages  =  {51-57},
      ISSN  =  {2325-6095},
      year  =  {2015},
      type  =  {Journal Article}
}

@article{
      author  =  {Iorga, Michaela and Scarfone, Karen},
      title  =  {Using a Capability-Oriented Methodology to Build Your Cloud Ecosystem},
      journal  =  {IEEE Cloud Computing},
      volume  =  {3},
      number  =  {2},
      pages  =  {58-63},
      ISSN  =  {2325-6095},
      year  =  {2016},
      type  =  {Journal Article}
}

@inproceedings{RN106,
      author  =  {Johnson, Bjorn and Qu, Yanzhen},
      title  =  {A holistic model for making cloud migration decision: A consideration of security, architecture and business economics},
      booktitle  =  {2012 IEEE 10th International Symposium on Parallel and Distributed Processing with Applications},
      publisher  =  {IEEE},
      pages  =  {435-441},
      ISBN  =  {1467316318},
      type  =  {Conference Proceedings}
}

@article{
      author  =  {Khajeh-Hosseini, Ali and Sommerville, Ian and Bogaerts, Jurgen and Teregowda, Pradeep},
      title  =  {Decision Support Tools for Cloud Migration in the Enterprise},
      pages  =  {541-548},
      DOI  =  {10.1109/cloud.2011.59},
      year  =  {2011},
      type  =  {Journal Article}
}

@article{
      author  =  {Khan, S. U.},
      title  =  {Elements of Cloud Adoption},
      journal  =  {IEEE Cloud Computing},
      volume  =  {1},
      number  =  {1},
      pages  =  {71-73},
      ISSN  =  {2325-6095},
      DOI  =  {10.1109/MCC.2014.7},
      year  =  {2014},
      type  =  {Journal Article}
}

@article{
      author  =  {Linthicum, David S},
      title  =  {Emerging Hybrid Cloud Patterns},
      journal  =  {IEEE Cloud Computing},
      volume  =  {3},
      number  =  {1},
      pages  =  {88-91},
      ISSN  =  {2325-6095},
      year  =  {2016},
      type  =  {Journal Article}
}

@article{
      author  =  {Linthicum, David S},
      title  =  {A Guide to Cloud-Enabling Your Software},
      journal  =  {IEEE Cloud Computing},
      volume  =  {3},
      number  =  {2},
      pages  =  {20-23},
      ISSN  =  {2325-6095},
      year  =  {2016},
      type  =  {Journal Article}
}

@article{
      author  =  {Linthicum, David S},
      title  =  {The Technical Case for Mixing Cloud Computing and Manufacturing},
      journal  =  {IEEE Cloud Computing},
      volume  =  {3},
      number  =  {4},
      pages  =  {12-15},
      ISSN  =  {2325-6095},
      year  =  {2016},
      type  =  {Journal Article}
}

@article{
      author  =  {Marston, Sean and Li, Zhi and Bandyopadhyay, Subhajyoti and Zhang, Juheng and Ghalsasi, Anand},
      title  =  {Cloud computingThe business perspective},
      journal  =  {Decision support systems},
      volume  =  {51},
      number  =  {1},
      pages  =  {176-189},
      ISSN  =  {0167-9236},
      year  =  {2011},
      type  =  {Journal Article}
}

@article{
      author  =  {Martens, Benedikt and Teuteberg, Frank},
      title  =  {Decision-making in cloud computing environments: A cost and risk based approach},
      journal  =  {Information Systems Frontiers},
      volume  =  {14},
      number  =  {4},
      pages  =  {871-893},
      ISSN  =  {1387-3326
1572-9419},
      DOI  =  {10.1007/s10796-011-9317-x},
      year  =  {2011},
      type  =  {Journal Article}
}

@article{NIST,
      author  =  {Mell, Peter and Grance, Tim},
      title  =  {The NIST definition of cloud computing},
      year  =  {2011},
      type  =  {Journal Article}
}

@article{
      author  =  {Mell, Peter and Grance, Tim},
      title  =  {The NIST definition of cloud computing},
      year  =  {2011},
      type  =  {Journal Article}
}

@article{
      author  =  {Muller, DBA and William, J},
      title  =  {An Analysis of Salesforce. Com, a Cloud Based Solutions Provider, Best Known for Its Customer Relationship Management (CRM) Products},
      journal  =  {Browser Download This Paper},
      year  =  {2016},
      type  =  {Journal Article}
}

@inproceedings{RN83,
      author  =  {Pahl, Claus and Xiong, Huanhuan},
      title  =  {Migration to PaaS clouds-migration process and architectural concerns},
      booktitle  =  {Maintenance and Evolution of Service-Oriented and Cloud-Based Systems (MESOCA), 2013 IEEE 7th International Symposium on the},
      publisher  =  {IEEE},
      pages  =  {86-91},
      ISBN  =  {2326-6910},
      type  =  {Conference Proceedings}
}

@article{Pahl2013,
      author  =  {Pahl, Claus and Xiong, Huanhuan and Walshe, Ray},
      title  =  {A Comparison of On-Premise to Cloud Migration Approaches},
      journal  =  {Service-Oriented and Cloud Computing: Second European Conference, ESOCC 2013, Málaga, Spain, September 11-13, 2013. Proceedings},
      pages  =  {212-226},
      ISSN  =  {978-3-642-40651-5},
      DOI  =  {10.1007/978-3-642-40651-5_18},
      url  =  {http://dx.doi.org/10.1007/978-3-642-40651-5_18},
      year  =  {2013},
      type  =  {Journal Article}
}

@misc{      ISBN  =  {3642053580 (Sekundärausgabe)},
      url  =  {http://scans.hebis.de/HEBCGI/show.pl?22927883_aub.html},
      year  =  {2010},
      type  =  {Generic}
}

@article{
      author  =  {Rana, Omer F},
      title  =  {The Costs of Cloud Migration},
      journal  =  {IEEE Cloud Computing},
      volume  =  {1},
      number  =  {1},
      pages  =  {62-65},
      ISSN  =  {2325-6095},
      year  =  {2014},
      type  =  {Journal Article}
}

@article{
      author  =  {Ranchal, Rohit and Mohindra, Ajay and Manweiler, Justin G and Bhargava, Bharat},
      title  =  {RADical Strategies for Engineering Web-Scale Cloud Solutions},
      journal  =  {IEEE Cloud Computing},
      volume  =  {2},
      number  =  {5},
      pages  =  {20-29},
      ISSN  =  {2325-6095},
      year  =  {2015},
      type  =  {Journal Article}
}

@article{fivephases,
      author  =  {Rashmi, Mehfuz S and Sahoo, G},
      title  =  {A five-phased approach for the cloud migration},
      journal  =  {International Journal of Emerging Technology and Advanced Engineering},
      volume  =  {2},
      number  =  {4},
      pages  =  {286-291},
      year  =  {2012},
      type  =  {Journal Article}
}

@book{replycompprofile,
      author  =  {Reply},
      title  =  {Reply Company Profile},
      url  =  {http://www.reply.com/InvestorsDocuments/en/Company_Profile_eng.pdf},
      year  =  {2016},
      type  =  {Book}
}

@article{Repschläger2010,
      author  =  {Repschläger, Jonas and Pannicke, Danny and Zarnekow, Rüdiger},
      title  =  {Cloud Computing: Definitionen, Geschäftsmodelle und Entwicklungspotenziale},
      journal  =  {HMD Praxis der Wirtschaftsinformatik},
      volume  =  {47},
      number  =  {5},
      pages  =  {6-15},
      ISSN  =  {2198-2775},
      DOI  =  {10.1007/bf03340507},
      url  =  {http://dx.doi.org/10.1007/BF03340507},
      year  =  {2010},
      type  =  {Journal Article}
}

@article{
      author  =  {Roche, Jonathan},
      title  =  {Integrating Service Orientated Architecture design principles into Software as a Service applications},
      year  =  {2014},
      type  =  {Journal Article}
}

@article{salesforceannualreport,
      author  =  {salesforce.com},
      title  =  {Annual Report 2016},
      url  =  {http://s1.q4cdn.com/454432842/files/doc_financials/2016/Annual/Salesforce-FY-2016-Annual-Report.pdf},
      year  =  {2016},
      type  =  {Journal Article}
}

@article{
      author  =  {Schubert, Lutz and Jeffery, Keith},
      title  =  {New Software Engineering Requirements in Clouds and Large-Scale Systems},
      journal  =  {IEEE Cloud Computing},
      volume  =  {2},
      number  =  {1},
      pages  =  {48-58},
      ISSN  =  {2325-6095},
      year  =  {2015},
      type  =  {Journal Article}
}

@misc{      ISBN  =  {9783486711615 (Sekundärausgabe)},
      url  =  {http://www.oldenbourg-link.com/isbn/9783486711615},
      year  =  {2011},
      type  =  {Generic}
}

@article{
      author  =  {Sill, Alan},
      title  =  {Cloud Standards and the Spectrum of Development},
      journal  =  {IEEE Cloud Computing},
      volume  =  {1},
      number  =  {3},
      pages  =  {15-19},
      ISSN  =  {2325-6095},
      year  =  {2014},
      type  =  {Journal Article}
}

@article{
      author  =  {Sill, Alan},
      title  =  {Factors in Development and Adoption of New Cloud Software and Standards},
      journal  =  {IEEE Cloud Computing},
      volume  =  {1},
      number  =  {4},
      pages  =  {10-13},
      ISSN  =  {2325-6095},
      year  =  {2014},
      type  =  {Journal Article}
}

@article{
      author  =  {Sill, Alan},
      title  =  {Emerging Standards and Organizational Patterns in Cloud Computing},
      journal  =  {IEEE Cloud Computing},
      volume  =  {2},
      number  =  {4},
      pages  =  {72-76},
      ISSN  =  {2325-6095},
      year  =  {2015},
      type  =  {Journal Article}
}

@article{
      author  =  {Sill, Alan},
      title  =  {Cloud Standards as Roadmaps for Migration},
      journal  =  {IEEE Cloud Computing},
      volume  =  {3},
      number  =  {2},
      pages  =  {64-70},
      ISSN  =  {2325-6095},
      year  =  {2016},
      type  =  {Journal Article}
}

@article{cloudumsatzweltweit,
      author  =  {Statista},
      title  =  {Umsatz mit Cloud Computing weltweit von 2009 bis 2016 (in Milliarden US-Dollar) erhoben durch Gartner},
      journal  =  {statista},
      url  =  {https://de.statista.com/statistik/daten/studie/195760/umfrage/umsatz-mit-cloud-computing-weltweit-seit-2009/},
      year  =  {2016},
      type  =  {Journal Article}
}

@article{
      author  =  {Tran, Van T. K. and Lee, Kevin and Fekete, Alan and Liu, Anna and Keung, Jacky},
      title  =  {Size Estimation of Cloud Migration Projects with Cloud Migration Point (CMP)},
      pages  =  {265-274},
      DOI  =  {10.1109/esem.2011.35},
      year  =  {2011},
      type  =  {Journal Article}
}

@misc{      ISBN  =  {3642294324 (Sekundärausgabe)},
      url  =  {http://scans.hebis.de/HEBCGI/show.pl?31496163_toc.html},
      year  =  {2013},
      type  =  {Generic}
}

@article{
      author  =  {Weinman, Joe},
      title  =  {The Nuances of Cloud Economics},
      journal  =  {IEEE Cloud Computing},
      volume  =  {1},
      number  =  {4},
      pages  =  {88-92},
      ISSN  =  {2325-6095},
      year  =  {2014},
      type  =  {Journal Article}
}

@article{
      author  =  {Weinman, Joe},
      title  =  {The Cloud and the Economics of the User and Customer Experience},
      journal  =  {IEEE Cloud Computing},
      volume  =  {2},
      number  =  {6},
      pages  =  {74-78},
      ISSN  =  {2325-6095},
      year  =  {2015},
      type  =  {Journal Article}
}

@article{
      author  =  {Weinman, Joe},
      title  =  {Cloud Pricing and Markets},
      journal  =  {IEEE Cloud Computing},
      volume  =  {2},
      number  =  {1},
      pages  =  {10-13},
      ISSN  =  {2325-6095},
      year  =  {2015},
      type  =  {Journal Article}
}

@article{
      author  =  {Weinman, Joe},
      title  =  {Intercloudonomics: Quantifying the Value of the Intercloud},
      journal  =  {IEEE Cloud Computing},
      volume  =  {2},
      number  =  {5},
      pages  =  {40-47},
      ISSN  =  {2325-6095},
      year  =  {2015},
      type  =  {Journal Article}
}

@article{
      author  =  {Weinman, Joe},
      title  =  {The Economics and Strategy of Manufacturing and the Cloud},
      journal  =  {IEEE Cloud Computing},
      volume  =  {3},
      number  =  {4},
      pages  =  {6-11},
      ISSN  =  {2325-6095},
      year  =  {2016},
      type  =  {Journal Article}
}

@article{
      author  =  {Weinman, Joe},
      title  =  {The Economics of Networking and the Cloud},
      journal  =  {IEEE Cloud Computing},
      volume  =  {3},
      number  =  {3},
      pages  =  {12-15},
      ISSN  =  {2325-6095},
      year  =  {2016},
      type  =  {Journal Article}
}

@article{
      author  =  {Weinman, Joe},
      title  =  {Hybrid Cloud Economics},
      journal  =  {IEEE Cloud Computing},
      volume  =  {3},
      number  =  {1},
      pages  =  {18-22},
      ISSN  =  {2325-6095},
      year  =  {2016},
      type  =  {Journal Article}
}

@article{
      author  =  {Weinman, Joe},
      title  =  {Migrating to--or away from--the Public Cloud},
      journal  =  {IEEE Cloud Computing},
      volume  =  {3},
      number  =  {2},
      pages  =  {6-10},
      ISSN  =  {2325-6095},
      year  =  {2016},
      type  =  {Journal Article}
}

@phdthesis{RN5,
      author  =  {Wind, Stefan},
      title  =  {Evaluierung und Auswahl von Enterprise Cloud Services},
      university  =  {Shaker},
      url  =  {http://scans.hebis.de/HEBCGI/show.pl?34046388_toc.pdf},
      year  =  {2014},
      type  =  {Thesis}
}

@phdthesis{RN104,
      author  =  {Wind, Stefan},
      title  =  {Evaluierung und Auswahl von Enterprise Cloud Services},
      university  =  {Shaker},
      url  =  {http://scans.hebis.de/HEBCGI/show.pl?34046388_toc.pdf},
      year  =  {2014},
      type  =  {Thesis}
}

