@phdthesis{RN6,
   author = {Ackermann, Tobias},
   title = {IT security risk management : perceived IT security risks in the context of Cloud Computing},
   university = {Springer Gabler},
   url = {http://deposit.d-nb.de/cgi-bin/dokserv?id=4171734&prov=M&dok_var=1&dok_ext=htm},
   year = {2013},
   type = {Thesis}
}

@article{RN7,
   author = {Benlian, Alexander and Hess, Thomas},
   title = {Opportunities and risks of software-as-a-service: Findings from a survey of IT executives},
   journal = {Decision Support Systems},
   volume = {52},
   number = {1},
   pages = {232-246},
   ISSN = {0167-9236},
   DOI = {http://dx.doi.org/10.1016/j.dss.2011.07.007},
   url = {http://www.sciencedirect.com/science/article/pii/S0167923611001278},
   year = {2011},
   type = {Journal Article}
}

@misc{   ISBN = {383498731X (Sekundärausgabe)},
   url = {http://dx.doi.org/10.1007/978-3-8349-8731-0},
   year = {2010},
   type = {Generic}
}

@book{softwareindustrie2015,
   author = {Buxmann, Peter and Diefenbach, Heiner and Hess, Thomas},
   title = {Die Softwareindustrie : ökonomische Prinzipien, Strategien, Perspektiven},
   publisher = {Springer Gabler},
   address = {Berlin u.a.},
   edition = {3., vollst. überarb. u. erw. Aufl.},
   ISBN = {3662455897},
   url = {http://www.gbv.de/dms/zbw/821541447.pdf},
   year = {2015},
   type = {Book}
}

@misc{   ISBN = {3642053580 (Sekundärausgabe)},
   url = {http://scans.hebis.de/HEBCGI/show.pl?22927883_aub.html},
   year = {2010},
   type = {Generic}
}

@book{replycompprofile,
   author = {Reply},
   title = {Reply Company Profile},
   url = {http://www.reply.com/InvestorsDocuments/en/Company_Profile_eng.pdf},
   year = {2016},
   type = {Book}
}

@phdthesis{RN5,
   author = {Wind, Stefan},
   title = {Evaluierung und Auswahl von Enterprise Cloud Services},
   university = {Shaker},
   url = {http://scans.hebis.de/HEBCGI/show.pl?34046388_toc.pdf},
   year = {2014},
   type = {Thesis}
}

